4596 6448
568 985 619 1048 Ac
644 983 687 1046 de
714 983 820 1066 primo
847 983 979 1065 quidem
1008 988 1279 1048 ornamentorum
1307 1003 1432 1066 genere
1458 985 1537 1048 retia
1559 983 1681 1047 dictum
1703 989 1775 1067 eet3
1809 987 1991 1068 sequuntur
2023 985 2108 1068 epi-

445 1097 561 1160 theta
582 1095 777 1174 Homerica,
796 1095 913 1178 quibus
935 1096 1119 1159 orationem
1142 1113 1237 1159 suam
1259 1095 1432 1180 Euripides
1453 1095 1634 1160 illustravit
1959 1153 1963 1161 .
2010 1163 2016 1170 ,

447 1206 505 1275 Or.
528 1205 619 1274 1226.
641 1209 676 1269 tr.
700 1204 763 1272 596
783 1202 931 1292 δρφναία
953 1205 1013 1284 νύξ
1035 1213 1081 1284 K,
1102 1205 1143 1273 83
1166 1214 1228 1272 ete.
1253 1207 1383 1291 (Suppl.
1405 1207 1467 1276 997
1488 1203 1636 1291 δρφναία
1658 1206 1929 1290 substantivum).

444 1323 482 1386 fr.
506 1319 568 1386 102
589 1319 731 1401 μέλαινα
754 1319 813 1395 νύξ
833 1319 881 1396 Ξ,
902 1318 974 1386 439.

445 1433 533 1498 rred.
556 1433 617 1498 747
637 1429 792 1516 λαμπράν
812 1426 906 1514 ήλίου
929 1431 1017 1516 φάος
1038 1439 1088 1508 Α,
1110 1429 1172 1497 605
1194 1437 1255 1495 eto.

446 1545 519 1628 Iph.
541 1546 580 1608 Δ.
602 1543 683 1610 1295
703 1544 822 1608 λευκὸν
844 1543 933 1628 ύδοιρ
959 1549 1011 1620 Ψ,
1031 1543 1104 1610 282.
1127 1566 1160 1619 ε,
1181 1541 1232 1609 70.

446 1655 539 1738 cycl.
561 1654 604 1721 46
625 1655 741 1720 δινᾶεν
762 1653 852 1741 ύδιορ
873 1659 1034 1738 ποταμῶν
1056 1663 1093 1718 ut
1112 1662 1267 1738 ποταμοῦ
1291 1705 1298 1718 .
1322 1707 1329 1720 .
1352 1655 1520 1740 δινήεντος
1540 1657 1578 1733 λ,
1599 1655 1661 1721 242
1683 1662 1744 1720 ete.

446 1770 485 1832 fr.
508 1767 570 1834 874
591 1765 659 1832 tta
680 1771 875 1854 πορφυρέην
895 1773 945 1844 11,
965 1766 1025 1835 391
1051 1767 1145 1851 (Tro.
1168 1767 1229 1833 124
1251 1764 1317 1832 άλα
1339 1766 1620 1853 πορφυροειδέα).

446 1879 558 1964 Suppl.
579 1879 619 1946 81
643 1877 804 1960 άλιβάτου
826 1885 949 1965 πέτρας
980 1884 1025 1956 0,
1047 1879 1108 1947 273
1130 1886 1191 1946 eto.
1236 1881 1278 1942 et
1298 1879 1395 1964 Hipp.
1416 1879 1479 1946 728
1500 1875 1666 1964 ήλιβάτοις
1687 1876 1753 1946 tut
1776 1885 1958 1962 ιευθμολσι·
1995 1887 2108 1946 menet

527 1993 625 2074 igitur
640 1993 828 2055 Buttmanui
851 1993 1037 2075 explicatio,
1060 1995 1116 2076 qui
1137 1993 1241 2056 Lexil.
1256 1993 1299 2073 ΙΙ,
1319 1989 1361 2058 94
1382 1992 1579 2074 adjectivum
1601 1988 1755 2078 ήλίβατος
1777 1992 1865 2056 idem
1888 2011 1962 2058 esse
1984 1996 2106 2073 stetini,

529 2104 618 2188 quod
641 2105 786 2184 ‚,altus“,
810 2111 845 2166 ut
866 2111 923 2167 aut
944 2101 1074 2189 δψρλίς
1095 2111 1153 2169 eut
1171 2105 1282 2187 βαθύς
1303 2104 1512 2187 intelligatur.

442 2218 567 2281 Phoen.
577 2214 658 2282 1406
679 2213 857 2300 μάρμαρον
866 2220 991 2302 πέτρον
1011 2222 1054 2294 11,
1074 2217 1136 2284 735
1162 2216 1297 2295 (moer
1316 2215 1490 2302 μάρμαρος
1511 2217 1749 2280 substantivum
1766 2216 1944 2294 utM,380.
1967 2244 1992 2295 ι,
2014 2217 2104 2298 499).

444 2329 527 2393 Ηεε.
550 2326 612 2394 109
640 2327 702 2403 τὰς
727 2329 960 2414 ποντοπόρους
981 2329 1116 2410 σχεδίας
1153 2332 1190 2394 εί.
1213 2331 1255 2395 ib.
1278 2328 1340 2396 443
1361 2348 1409 2412 eq.
1447 2329 1524 2392 Tro.
1545 2328 1607 2394 811
1628 2346 1676 2411 sq.
1712 2334 1749 2390 ut
1778 2329 1854 2413 νήύς
1874 2329 2104 2416 ποντοπόροιο

528 2449 578 2518 A,
599 2441 661 2506 439
684 2447 743 2504 etc.

327 2555 346 2576 ‘
445 2552 502 2621 Or.
525 2551 609 2620 1430
626 2551 739 2637 φάρεα
761 2552 939 2639 πορφύρεα
963 2557 1011 2629 Θ,
1032 2552 1102 2618 221.

445 2663 502 2732 Or.
524 2665 596 2732 813.
620 2666 742 2729 Phoco.
764 2663 847 2730 1098
866 2663 1068 2747 μελάνδετον
1091 2666 1187 2749 ξίφος
1208 2671 1244 2726 ut
1265 2662 1427 2749 φάσγανα
1449 2663 1636 2746 μελάνδετα
1661 2668 1701 2742 0,
1721 2665 1772 2732 73.

447 2777 503 2845 Or.
527 2777 609 2846 1258
630 2783 766 2858 φοίνιον
785 2775 870 2860 αίμα
894 2778 1035 2856 (Phoen.
1057 2776 1120 2844 936
1143 2775 1284 2862 φόνιον)
1308 2797 1345 2853 σ,
1367 2775 1416 2842 to.

444 2891 514 2975 Iph.
537 2892 578 2954 A.
600 2889 641 2956 39
662 2887 810 2974 θαλερὸν
830 2889 934 2972 δάκρυ
960 2891 1048 2970 (Hel.
1073 2888 1163 2955 1189.
1186 2891 1271 2954 Μεδ.
1292 2887 1363 2954 893.
1384 2887 1447 2955 909
1466 2886 1595 2975 χλωράν
1614 2887 1738 2976 δάκρυ)
1760 2896 1810 2965 Β,
1832 2887 1894 2956 266
1916 2895 1976 2954 eto.

444 3002 515 3086 Iph.
539 3003 578 3065 Δ.
602 3003 643 3069 87
664 3007 770 3092 πυκνή
792 3007 892 3088 φρενί
909 3001 955 3079 Ξ,
976 3001 1038 3068 294
1061 3010 1120 3067 ete.

448 3116 518 3179 Alc.
542 3113 604 3182 594
626 3133 674 3196 oq.
696 3114 842 3180 λεόντων
863 3110 885 3177 ά
908 3113 1074 3198 δαφοινὸς
1095 3114 1151 3179 ίλα
1173 3119 1208 3177 ut
1228 3112 1397 3198 δαφοινὸν
1418 3161 1426 3178 .
1451 3161 1458 3178 .
1481 3111 1586 3198 δέρμα
1608 3115 1741 3187 λέοντος
1761 3118 1807 3189 Κ,
1829 3113 1878 3178 23.

450 3227 563 3312 Suppl.
585 3226 647 3293 317
669 3226 748 3302 ουύς
768 3221 886 3311 άχρίου
911 3228 957 3302 Θ,
979 3225 1041 3292 338
1063 3233 1123 3290 eto.

446 3341 570 3406 Phoen.
591 3338 654 3406 794
673 3327 810 3421 μάνοχα
830 3339 945 3403 πάλον
965 3347 1000 3402 ut
1019 3340 1167 3422 μάννχες
1188 3339 1288 3403 ίπποο
1308 3345 1354 3415 Ε,
1376 3337 1447 3404 236.
1491 3337 1650 3420 „Ungulis
1672 3339 1903 3401 festinenten1“
1931 3339 2009 3403 dixit
2037 3339 2105 3421 pul-

531 3453 599 3515 lum
622 3453 794 3533 equinum,
829 3457 865 3512 ut
886 3452 1010 3533 optime
1031 3451 1109 3516 inde
1131 3453 1362 3534 perspiciatur,
1399 3454 1524 3534 quanta
1544 3450 1715 3514 alacritate
1735 3469 1927 3533 percurrere
1949 3469 2106 3534 campum

527 3564 582 3628 ille
603 3565 733 3626 nitatur.
778 3564 829 3626 An
852 3581 929 3628 vero
944 3564 1133 3646 Euripidem
1155 3569 1250 3646 putas
1272 3565 1359 3627 hanc
1380 3563 1423 3625 de
1442 3580 1529 3645 equo
1551 3562 1684 3625 leudem
1698 3563 1863 3642 habuisse,
1886 3564 1973 3646 quod
1995 3563 2105 3626 solidi-

526 3676 649 3760 pedum
672 3679 801 3758 generis
824 3679 896 3740 est?
939 3675 1160 3741 confirmatur
1187 3679 1286 3757 igitur
1308 3673 1469 3758 Euripidis
1489 3673 1579 3756 loco,
1608 3674 1696 3757 quod
1711 3675 1928 3740 Doederlinus
1952 3677 2105 3759 exposuit

529 3789 636 3852 Gloes.
658 3779 754 3862 Hom.
776 3787 854 3866 382,
889 3791 966 3854 ferri
987 3789 1076 3852 nullo
1101 3789 1200 3852 modo
1222 3805 1320 3870 posse
1342 3793 1488 3851 veterem
1509 3778 1599 3851 illeiu
1621 3789 1924 3870 interpretationem
1946 3787 2104 3870 Hesychii

531 3907 564 3964 et
585 3901 723 3964 aliorum
745 3902 873 3983 μῶνυξ·
897 3895 915 3965 δ
937 3907 1018 3983 μίαν
1039 3896 1144 3984 ὁπλήν
1165 3897 1261 3981 ἔχων.
1305 3900 1478 3963 Refirtatur
1503 3905 1613 3962 eutem
1635 3899 1754 3963 eodem
1776 3903 1879 3964 nostri
1901 3901 1991 3982 loco,
2015 3901 2104 3983 quod

528 4012 746 4076 Doederlinus
778 4015 930 4095 proponit
958 4013 1118 4095 μώνυχες·
1151 4009 1335 4097 δμούνυχες,
1372 4007 1456 4094 δμού
1482 4009 1591 4092 χθύνα
1618 4011 1792 4086 νύσσοντες
1826 4007 1988 4094 δνύχεσσι.
2039 4014 2104 4077 Uni

531 4126 619 4189 enim
648 4143 734 4208 equo
764 4125 929 4207 epitheton
958 4125 1035 4190 illud
1068 4128 1110 4190 ab
1132 4125 1288 4209 Euripide
1316 4127 1511 4208 apponitum.
1559 4125 1683 4188 Verum
1712 4127 1895 4208 suspicatus
1923 4132 1974 4189 est
2002 4126 2103 4190 Gras-

530 4237 653 4316 hoiius,
675 4240 730 4321 qui
752 4240 785 4300 in
808 4240 1088 4303 commentatione
1109 4238 1151 4302 de
1161 4237 1386 4302 vehiculorum
1409 4237 1585 4319 generibus
1603 4236 1787 4301 Homericis
1809 4237 1897 4302 edita
1918 4237 2001 4304 1846
2023 4259 2054 4322 p.
2073 4235 2103 4306 6.

528 4349 639 4414 nott
667 4353 811 4416 οΜΑΩ
839 4353 987 4434 (μίμαα)
1019 4351 1215 4415 vocabulum
1245 4351 1325 4414 illud
1354 4351 1430 4414 duci
1462 4365 1561 4433 posse
1587 4353 1875 4426 commemoravit,
1915 4351 2004 4434 quod
2033 4370 2104 4414 am-

530 4462 648 4546 plexus
670 4469 721 4526 est
742 4464 904 4528 Ameisius
926 4467 959 4526 in
982 4486 1018 4540 o,
1039 4463 1091 4530 46.
1133 4462 1387 4546 (temperandus
1408 4466 1554 4541 maxime
1575 4467 1626 4526 est
1647 4479 1761 4526 versus
1781 4485 1818 4537 c,
1841 4462 1902 4528 183
1924 4462 2020 4543 ήιξαν
2039 4485 2103 4528 πε-

527 4571 643 4641 δίονδε
670 4574 727 4640 διά
754 4575 889 4653 πτόλιος
914 4583 1093 4659 μεμαῶτες.
1135 4575 1251 4659 ltaque
1281 4576 1349 4660 Iph.
1378 4578 1416 4639 A.
1443 4575 1504 4642 245
1536 4570 1573 4640 ἑν
1599 4573 1765 4656 μωνύχοις
1793 4623 1800 4638 .
1832 4621 1840 4638 .
1869 4573 2014 4662 ἅρμασιν
2046 4577 2103 4654 „in

529 4689 627 4752 celari
651 4689 779 4752 curru“.

447 4799 523 4865 Ττο.
546 4799 606 4868 196
627 4797 754 4865 νενύοιν
774 4795 940 4886 άμενήνδν
960 4799 1094 4884 άχαλμα
1116 4809 1152 4864 ut
1172 4800 1297 4866 νεκύων
1318 4797 1466 4885 άμενήνά
1487 4797 1613 4885 αάρήνα
1634 4825 1672 4876 ν,
1693 4798 1763 4866 521.
1785 4799 1858 4867 536.

447 4913 549 4978 Andr.
570 4913 641 4979 745.
665 4913 733 4978 lon.
755 4911 797 4977 43
817 4913 924 4980 παῖδα
947 4963 955 4978 .
977 4964 985 4979 .
1007 4913 1127 4997 νήπιον
1148 4917 1195 4991 Z,
1215 4911 1279 4978 400
1298 4917 1359 4977 eto.

448 5027 548 5092 Andr.
571 5023 632 5091 103
650 5022 732 5112 Ἰλίῳ
754 5021 891 5114 αίπεινᾷ
911 5031 944 5104 1,
964 5025 1026 5094 419
1048 5031 1108 5092 eto.

369 5177 376 5192 ·
408 5165 417 5180 .
446 5139 522 5205 Tro.
544 5137 605 5206 123
625 5136 726 5204 Ἴλιον
753 5135 847 5224 ἱεράν
873 5143 923 5214 H,
942 5137 985 5205 20
1006 5145 1066 5204 eto.
1107 5140 1163 5216 (es.
1186 5139 1284 5203 Hero.
1304 5139 1365 5200 for.
1385 5134 1448 5204 756
1478 5135 1591 5222 Θήβας
1611 5135 1701 5222 1ερδν
1723 5185 1731 5201 .
1754 5183 1762 5200 .
1784 5135 1880 5201 άστυ.
1918 5137 2014 5220 ffipp.
2036 5131 2102 5202 too

530 5249 556 5317 ά
580 5249 693 5334 Θήβας
713 5249 804 5338 1ερύν
821 5249 957 5335 τεῖχος).
