4596 6448
1178 707 1310 830 ,as

571 951 739 1037 Quoniam
760 953 859 1034 igitur
879 952 1066 1016 orationem
1091 967 1225 1034 quoqne
1247 951 1376 1016 ostendi
1399 953 1441 1019 ah
1463 951 1620 1036 Euripide
1640 951 1730 1018 haud
1750 971 1827 1018 raro
1836 948 2017 1040 Ὁμρριιὸς
2038 974 2111 1021 con·

446 1067 624 1132 formatam
646 1069 705 1128 aut
725 1068 938 1143 exornatam,
966 1062 1008 1126 de
1029 1063 1285 1143 inventione,
1315 1063 1349 1128 id
1370 1067 1458 1128 enim
1482 1069 1554 1130 erat
1575 1067 1778 1145 extremum,
1805 1066 1835 1128 si
1856 1065 1979 1148 placet,
2002 1086 2111 1150 pauca

448 1179 567 1243 dicam.
611 1175 687 1259 Quo
708 1178 742 1239 iu
764 1193 887 1260 genere
909 1175 998 1238 haud
1019 1177 1089 1240 scio
1111 1194 1155 1240 an
1176 1175 1468 1257 reprehendendus
1490 1177 1532 1240 sit
1552 1176 1799 1260 quodammodo
1815 1177 1999 1262 Euripides,
2023 1179 2110 1263 quod

448 1293 545 1354 nimis
573 1290 608 1352 in
634 1289 770 1352 Homeri
798 1288 1014 1352 imitationem
1042 1305 1080 1352 se
1107 1288 1293 1370 conjecerit.
1335 1289 1477 1351 Exstant
1511 1289 1617 1362 enim,
1653 1290 1708 1371 qui
1744 1289 1807 1353 huc
1832 1292 2013 1372 pertinent,
2045 1291 2110 1356 duo

447 1404 596 1466 maxime
617 1401 697 1480 loci,
728 1417 788 1482 per
810 1417 892 1482 quos
915 1399 1000 1464 adeo
1021 1403 1136 1464 menet
1157 1418 1198 1464 ac
1218 1399 1362 1462 funditur
1382 1399 1558 1464 similitudo
1580 1400 1708 1480 iliadis,
1741 1405 1776 1464 ut
1796 1419 1915 1484 parum
1936 1403 2051 1470 solue
2071 1423 2112 1470 ac

447 1515 554 1578 libere
573 1513 725 1576 videatur
744 1516 866 1594 poetae
886 1512 1002 1593 tragici
1023 1529 1087 1576 ers.
1130 1511 1208 1576 Illos
1230 1511 1320 1590 dico,
1343 1513 1460 1594 quibus
1481 1513 1678 1594 Kesdtcrov
1700 1515 1862 1596 expressit
1881 1516 1916 1577 in
1936 1515 2111 1599 iphigenia

448 1626 617 1690 Aulidensi
645 1629 679 1688 et
706 1627 954 1704 Τειχοσιοιιίαν
981 1625 1013 1686 in
1041 1623 1238 1688 Phoenissis.
1287 1623 1412 1706 Atque,
1450 1643 1525 1688 cnm
1553 1623 1734 1706 singularia
1764 1627 1798 1688 in
1827 1625 1885 1688 illa
1914 1626 2109 1710 Iphigeniae

451 1737 638 1802 Aulidensis
670 1735 796 1818 parodo
829 1753 1006 1800 emanasse
1037 1753 1081 1798 ex
1112 1735 1215 1800 lliade
1247 1754 1314 1800 non
1347 1735 1534 1818 displiceat,
1578 1739 1784 1800 enumeratio
1822 1741 1933 1802 minen
1964 1742 2110 1822 navium,

453 1851 674 1927 exercituum,
709 1848 829 1912 ducum
857 1849 950 1930 cpico
972 1848 1110 1910 carmini
1132 1848 1301 1924 convenit,
1333 1848 1546 1930 traegoediae
1566 1865 1633 1912 non
1656 1844 1819 1912 co‘uvenit
1862 1849 1900 1912 ln
1920 1850 2109 1917 Phoenissis

455 1967 582 2038 autem,
618 1961 674 2023 ubi
696 1959 885 2023 scholiasta:
928 1954 1109 2046 »Ὁμηρικῷ
1140 1957 1224 2045 ζήλῳ
1261 1955 1382 2039 ἀνώγει
1409 1956 1592 2046 Εὐριπίδης
1615 1956 1803 2045 Ἀντιγόνην
1829 1958 1914 2027 ἰδεῖν
1939 1962 1978 2029 τὸ
2007 1967 2110 2051 στρά-

448 2096 570 2158 τευμα,
604 2070 718 2157 ὥσπερ
741 2066 865 2146 ἐκεῖνος
881 2067 1016 2153 Ἑλένην
1038 2065 1188 2156 ἐποίησε.
1220 2071 1307 2157 πλὴν
1338 2069 1419 2136 ὅσον
1445 2065 1551 2164 ἐκείνη
1578 2073 1640 2154 μὲν
1667 2077 1713 2158 τῷ
1735 2071 1875 2160 Πριάμῳ
1898 2072 2106 2142 detrudendi

447 2191 508 2251 τοῦ
532 2184 797 2271 στρατεύματος,
815 2179 983 2271 Ἀντιγόνῃ
1003 2180 1042 2246 δὲ
1063 2179 1312 2262 ὃπαιδαγωγὸς
1332 2182 1528 2269 διηγεῖται“,
1550 2185 1645 2267 friget
1664 2185 1813 2265 imitatio,
1835 2187 2105 2272 quandoquidem

452 2301 579 2378 minus,
603 2302 639 2360 ut
660 2297 792 2376 dicitur,
814 2313 874 2360 sno
896 2295 1001 2358 Marte
1021 2295 1209 2378 Euripidem
1233 2297 1341 2377 egisse
1362 2297 1522 2360 videmus.

573 2520 632 2584 His
654 2518 697 2583 de
717 2519 854 2583 Homeri
874 2519 1057 2584 imitatione
1080 2519 1258 2602 Euripidae
1287 2519 1459 2602 disputetis
1487 2520 1613 2586 absolvi
1635 2523 1951 2602 commentationes,
1986 2525 2104 2606 quihus

450 2632 618 2717 quomodo
647 2651 685 2696 sc
713 2632 851 2696 haberet
878 2631 1050 2712 Aeschyli,
1086 2631 1275 2715 Sophoclis,
1307 2631 1470 2715 Euripidis
1501 2632 1596 2716 ζῆλος
1617 2627 1788 2719 Ὁμηρικός
1816 2652 1986 2717 exponere
2017 2637 2106 2700 insti-

450 2751 589 2811 tuerem.
632 2745 739 2808 Velim
763 2746 828 2808 sint
849 2763 891 2808 ea
911 2743 1028 2826 digna,
1067 2762 1154 2826 quae
1182 2746 1356 2826 gymnasio
1388 2744 1518 2824 illushi,
1556 2745 1645 2828 quod
1673 2746 1832 2810 ducentos
1861 2764 2048 2830 perennes
2072 2755 2105 2812 et

451 2859 537 2924 illins
564 2859 678 2941 capitis
709 2875 749 2922 ac
770 2858 867 2922 lontis
887 2857 1026 2922 Homeri
1064 2861 1098 2920 et
1123 2859 1321 2939 tragicorum
1349 2861 1522 2940 poetarum
1556 2860 1812 2940 pertractatione
1840 2858 1993 2938 florebat,
2030 2879 2106 2924 cum

453 2971 675 3054 gratulatione
696 2974 810 3034 nostra
830 2970 1011 3034 offerantur
1031 2970 1114 3035 festo
1135 2969 1188 3034 die
1210 2969 1372 3034 saeculari
1393 2969 1506 3034 altero.
1549 2967 1645 3052 Quae
1667 2971 1835 3035 literamm
1857 2989 2053 3053 graecarum
2075 2977 2109 3038 et

455 3084 562 3148 omnis
592 3083 790 3166 antiquitatis
823 3082 932 3146 studia
959 3087 996 3146 ut
1021 3082 1065 3146 ihi
1094 3081 1167 3146 Deo
1191 3084 1330 3164 juvante
1365 3083 1487 3146 eximie
1515 3082 1665 3148 colantur
1699 3085 1731 3146 in
1758 3087 1943 3166 posterum,
1979 3086 2109 3149 sineere

448 3213 632 3278 precemur.
